@Article{tidyverse,
    title = {Welcome to the {tidyverse}},
    author = {Hadley Wickham and Mara Averick and Jennifer Bryan and Winston Chang and Lucy D'Agostino McGowan and Romain Fran\c{c}ois and Garrett Grolemund and Alex Hayes and Lionel Henry and Jim Hester and Max Kuhn and Thomas Lin Pedersen and Evan Miller and Stephan Milton Bache and Kirill M{\"u}ller and Jeroen Ooms and David Robinson and Dana Paige Seidel and Vitalie Spinu and Kohske Takahashi and Davis Vaughan and Claus Wilke and Kara Woo and Hiroaki Yutani},
    year = {2019},
    journal = {Journal of Open Source Software},
    volume = {4},
    number = {43},
    pages = {1686},
    doi = {10.21105/joss.01686},
  }

@Manual{Wickham,
    title = {stringr: Simple, Consistent Wrappers for Common String Operations},
    author = {Hadley Wickham},
    year = {2023},
    note = {R package version 1.5.1},
    url = {https://CRAN.R-project.org/package=stringr},
}

@Article{Ooms,
    title = {The jsonlite Package: A Practical and Consistent Mapping Between JSON Data and R Objects},
    author = {Jeroen Ooms},
    journal = {arXiv:1403.2805 [stat.CO]},
    year = {2014},
    url = {https://arxiv.org/abs/1403.2805},
  }
  
@Article{Ross,
    title = {Manchester Orchestra and The Front Bottoms are finally together on “Allentown”},
    author = {Ross, A. R.},
    year = {2018},
    journal = {Vice},
    url = {https://www.vice.com/en/article/manchester-orchestra-and-the-front-bottoms-are-finally-together-on-allentown/}
}

@Article{Bogdanov,
    title = {Essentia: An audio analysis library for music information retrieval},
    author = {Bogdanov, D. and Wack, N. and Gómez Gutiérrez, E. and Gulati, S. and Boyer, H. and Mayor, O. and Roma Trepat, G. and Salamon, J. and Zapata González, J. R. and Serra, X. and others},
    booktitle = {14th Conference of the International Society for Music Information Retrieval (ISMIR)},
    year = {2013},
    month = {November},
    address = {Curitiba, Brazil},
    pages = {493--498},
    publisher = {International Society for Music Information Retrieval (ISMIR)}
}


@Article{HuLiu2004,
    author = {Hu, M. and Liu, B.},
    title = {Mining and Summarizing Customer Reviews},
    booktitle = {Proceedings of the Tenth ACM SIGKDD International Conference on Knowledge Discovery and Data Mining},
    pages = {168--177},
    year = {2004},
}

@Book{Ggplot2,
    author = {Hadley Wickham},
    title = {ggplot2: Elegant Graphics for Data Analysis},
    publisher = {Springer-Verlag New York},
    year = {2016},
    isbn = {978-3-319-24277-4},
    url = {https://ggplot2.tidyverse.org},
  }
  
@Manual{Xtable,
    title = {xtable: Export Tables to LaTeX or HTML},
    author = {David B. Dahl and David Scott and Charles Roosen and Arni Magnusson and Jonathan Swinton},
    year = {2019},
    note = {R package version 1.8-4},
    url = {https://CRAN.R-project.org/package=xtable},
  }
  
@Manual{Patchwork,
    title = {patchwork: The Composer of Plots},
    author = {Thomas Lin Pedersen},
    year = {2024},
    note = {R package version 1.3.0},
    url = {https://CRAN.R-project.org/package=patchwork},
  }
  
@Manual{Boyd2022,
    title = {The development and psychometric properties of LIWC-22},
    author = {Boyd, R. L. and Ashokkumar, A. and Seraj, S. and Pennebaker, J. W.},
    year = {2022},
    note = {Austin, TX: University of Texas at Austin, 10},
}

